@misc{amazon2024-rag,
  author = {{Amazon Web Service}},
  year = {2024},
  title = {RAG란? - 검색 증강 생성 AI 설명 - AWS},
  url = {https://aws.amazon.com/what-is/retrieval-augmented-generation/}
}

@article{chang2024,
  title={A survey on evaluation of large language models},
  author={Chang, Yupeng and Wang, Xu and Wang, Jindong and Wu, Yuan and Yang, Linyi and Zhu, Kaijie and Chen, Hao and Yi, Xiaoyuan and Wang, Cunxiang and Wang, Yidong and others},
  journal={ACM Transactions on Intelligent Systems and Technology},
  volume={15},
  number={3},
  pages={1--45},
  year={2024},
  publisher={ACM New York, NY}
}

@article{chin2008,
  title={Students' questions: a potential resource for teaching and learning science},
  author={Chin, Christine and Osborne, Jonathan},
  journal={Studies in science education},
  volume={44},
  number={1},
  pages={1--39},
  year={2008},
  publisher={Taylor \& Francis}
}

@article{eshach2014,
  title={Question asking in the science classroom: Teacher attitudes and practices},
  author={Eshach, Haim and Dor-Ziderman, Yair and Yefroimsky, Yana},
  journal={Journal of Science Education and Technology},
  volume={23},
  pages={67--81},
  year={2014},
  publisher={Springer}
}

@article{min2022,
  title={Doc2Vec 을 이용한 중학교 과학 질문-답변 챗봇 개발 및 학생 질의 분석},
  author={민경모 and 유준희},
  journal={The SNU Journal of Education Research},
  volume={31},
  number={3},
  pages={115--145},
  year={2022},
  keywords={kobib}
}

@article{min2024,
author={민경모 and 유준희},
title={인공지능 문장 분류 모델 Sentence-BERT 기반 학교 맞춤형 고등학교 통합과학 질문-답변 챗봇 -개발 및 1년간 사용 분석-},
journal={한국과학교육학회지},
issn={1226-5187},
year={2024},
volume={44},
number={3},
pages={231-248},
keywords={kobib}
}

@inproceedings{sonjiwon2024,
  title={Fine-tuning 과 RAG 를 활용한 특정 도메인 챗봇 제작 방법 비교},
  author={손지원 and 김민성 and 김부건 and 박상준 and 표성민 and 배지훈 and 이종혁},
  booktitle={Proceedings of KIIT Conference},
  pages={341--344},
  year={2024},
  keywords={kobib}
}

% 저자명에 띄어쓰기가 있고, 단체명인 경우는 중괄호 두 개를 겹쳐서 쓰세요.

@misc{exaone2024-webpage,
author = {{LG AI Research}},
year = {2024},
title = {EXAONE 3.0 : 글로벌 Top 수준의 성능 갖춘 오픈소스 모델 공개  - LG AI Research BLOG},
url = {https://www.lgresearch.ai/blog/view?seq=459},
keywords={kobib}
}